<?xml version="1.0" encoding="UTF-8"?><collection xmlns="http://www.loc.gov/MARC21/slim"><record><leader>00505nam--2200193-u-4500</leader><controlfield tag="001">000052922</controlfield><controlfield tag="002">20161230</controlfield><controlfield tag="005">20161230201050</controlfield><controlfield tag="008">101129s1000------------r-----000-0-rus-d</controlfield><datafield ind1=" " ind2=" " tag="040"><subfield code="a">IFIN-HH</subfield></datafield><datafield ind1=" " ind2=" " tag="041"><subfield code="a">rus</subfield></datafield><datafield ind1=" " ind2=" " tag="080"><subfield code="a">535.24</subfield></datafield><datafield ind1="1" ind2=" " tag="100"><subfield code="a">Voropai, E.S</subfield></datafield><datafield ind1="1" ind2="0" tag="245"><subfield code="a">Tehnika fotometrii</subfield><subfield code="b">Visologo amplitudnogo razreseniia</subfield><subfield code="c">E.s. voropai; p.a. tornacev</subfield></datafield><datafield ind1=" " ind2=" " tag="260"><subfield code="a">Minsk</subfield><subfield code="b">Universitetskoe</subfield><subfield code="c">1988</subfield></datafield><datafield ind1=" " ind2=" " tag="300"><subfield code="a">208P</subfield></datafield><datafield ind1="1" ind2=" " tag="700"><subfield code="a">Tornacev, P.A</subfield></datafield><datafield ind1=" " ind2=" " tag="852"><subfield code="a">78984</subfield><subfield code="c">535</subfield></datafield><datafield ind1=" " ind2=" " tag="CAT"><subfield code="a">Sys</subfield><subfield code="c">20101129</subfield><subfield code="h">121232</subfield></datafield></record></collection>